@inproceedings{kovalev2017search,
  title={Search for gender difference in functional connectivity of resting state fMRI},
  author={Kovalev, Dmitry Yu and Priimenko, Sergey I and Ponomareva, Natalya V},
  booktitle={АНАЛИТИКА И УПРАВЛЕНИЕ ДАННЫМИ В ОБЛАСТЯХ С ИНТЕНСИВНЫМ ИСПОЛЬЗОВАНИЕМ ДАННЫХ},
  pages={190--196},
  year={2017},
  authorscopus = {true},
}

@inproceedings{kovalev2017organization,
  title={Organization of virtual experiments in data-intensive domains: Hypotheses and workflow specification},
  author={Kovalev, Dmitry Yu and Kalinichenko, Leonid A and Stupnikov, Sergey A},
  booktitle={АНАЛИТИКА И УПРАВЛЕНИЕ ДАННЫМИ В ОБЛАСТЯХ С ИНТЕНСИВНЫМ ИСПОЛЬЗОВАНИЕМ ДАННЫХ},
  pages={369--376},
  year={2017},
  authorscopus = {true},
}

@inproceedings{kovalev2019constructing,
  title={Constructing hypothesis lattices for virtual experiments in data intensive research},
  author={Kovalev, Dmitry and Stupnikov, Sergey},
  booktitle={2019 Ivannikov Memorial Workshop (IVMEM)},
  pages={14--17},
  year={2019},
  organization={IEEE},
  authorscopus = {true},
}


@inproceedings{kovalev2020methods,
  title={Methods and Tools for the Human Brain Signals Analysis over the Functional Magnetic Resonance lmaging Data},
  author={Kovalev, Dmitry and Sergeev, Dmitry and Tirikov, Egor and Ponomareva, Natalia},
  booktitle={CEUR Workshop Proceedings},
  pages={207--222},
  year={2020},
  authorscopus={true},
}

@article{kalinichenko2015methods,
  title={Methods and tools for hypothesis-driven research support: A survey},
  author={Kalinichenko, Leonid Andreevich and Kovalev, Dmitrii Yur'evich and Kovaleva, Dana Aleksandrovna and Malkov, Oleg Yur'evich},
  journal={Информатика и её применения},
  volume={9},
  number={1},
  pages={28--54},
  year={2015},
  publisher={Российская академия наук, Отделение нанотехнологий и информационных технологий},
  authorscopus={true},
}

@article{kovalev2020multidisciplinary,
  title={Multidisciplinary neuroinformatics problems for execution in distributed computing infrastructures},
  author={Kovalev, Dmitrii Yur'evich and Shanin, Ivan Andreevich and Tirikov, Egor Mikhailovich},
  journal={Системы и средства информатики},
  volume={30},
  number={2},
  pages={43--55},
  year={2020},
  publisher={Российская академия наук, Отделение нанотехнологий и информационных технологий},
  authorvak={true},
}

@article{kovalev2019virtual,
  title={Virtual experiments in data intensive research},
  author={Kovalev, Dmitrii Yur'evich and Tarasov, Evgenii Aleksandrovich},
  journal={Информатика и её применения},
  volume={13},
  number={2},
  pages={117--125},
  year={2019},
  publisher={Российская академия наук, Отделение нанотехнологий и информационных технологий},
  authorscopus={true},
}

@article{kovalev2020architecture,
  title={Архитектура платформы для проведения движимых гипотезами виртуальных экспериментов},
  author={Ковалев, Дмитрий Юрьевич and Тарасов, Евгений Александрович and Захаров, Виктор Николаевич and Филимонов, Никита Максимович},
  journal={Системы и средства информатики},
  volume={30},
  number={2},
  pages={56--67},
  year={2020},
  publisher={Российская академия наук, Отделение нанотехнологий и информационных технологий},
  authorvak={true},
}

@article{tirikov2021methods,
  title={Методы сравнения конкурирующих гипотез в гипотезоориентированных системах},
  author={Тириков, Егор Михайлович and Ковалев, Дмитрий Юрьевич},
  journal={Системы и средства информатики},
  volume={31},
  number={1},
  pages={122--132},
  year={2021},
  publisher={Российская академия наук, Отделение нанотехнологий и информационных технологий},
  authorvak={true},
}