@Patent{progbib1,
  heading =      {Свидетельство о гос. регистрации программы для {ЭВМ}},
  author =       {Ковалев, Д. Ю. and Тириков, Е. М.},
  title =        {Информационная платформа для проведения движимых гипотезами виртуальных экспериментов},
  holder =       {ФИЦ~ИУ~РАН},
  reqnumber =    2021610665,
  publdate =     {2021-01-18},
  date =         {2020-12-30},
  prnumber =     2021610665,
  prcountry =    {countryru},
  language =     {russian},
  authorprogram ={yes},
}
